<record><leader>00000cas a22000007a 4500</leader><controlfield tag="001">14261498</controlfield><controlfield tag="008">860925d19uu19uupauwn ne      0    0eng d</controlfield><datafield ind1=" " ind2=" " tag="010"><subfield code="a">sn 86083267 </subfield></datafield><datafield ind1=" " ind2=" " tag="040"><subfield code="a">NPH</subfield><subfield code="b">eng</subfield><subfield code="c">NPH</subfield><subfield code="d">OCLCQ</subfield></datafield><datafield ind1=" " ind2=" " tag="042"><subfield code="a">msc</subfield></datafield><datafield ind1="0" ind2="0" tag="245"><subfield code="a">Crestmont views.</subfield></datafield><datafield ind1=" " ind2=" " tag="260"><subfield code="a">Eagles Mere, Pa. :</subfield><subfield code="b">Tingle Dickerson</subfield></datafield><datafield ind1=" " ind2=" " tag="300"><subfield code="a">v. :</subfield><subfield code="b">ill. ;</subfield><subfield code="c">29 cm.</subfield></datafield><datafield ind1=" " ind2=" " tag="310"><subfield code="a">Weekly during the summer.</subfield></datafield><datafield ind1=" " ind2=" " tag="500"><subfield code="a">Published at Eagles Mere, Pa., during the summer, in the interest of Crestmont Inn guests and friends.</subfield></datafield><datafield ind1=" " ind2=" " tag="588"><subfield code="a">Description based on: Vol. 9, no. 3 (July 10, 1942).</subfield></datafield><datafield ind1=" " ind2=" " tag="752"><subfield code="a">United States</subfield><subfield code="b">Pennsylvania</subfield><subfield code="c">Sullivan</subfield><subfield code="d">Eagles Mere.</subfield></datafield></record>